@inproceedings{crowdflower_dataset,
  title={Designing a scalable crowdsourcing platform},
  author={Van Pelt, Chris and Sorokin, Alex},
  booktitle={Proceedings of the 2012 ACM SIGMOD International Conference on Management of Data},
  pages={765--766},
  year={2012},
  doi={10.1145/2213836.2213951}
}

@misc{emotions_dataset,
	title={Emotions},
	url={https://www.kaggle.com/dsv/7563141},
  howpublished = {\url{https://www.kaggle.com/dsv/7563141}},
	DOI={10.34740/KAGGLE/DSV/7563141},
	publisher={Kaggle},
	author={Nidula Elgiriyewithana},
	year={2024}
}

@ARTICLE{emotion_recognition_from_text,
  author={Batbaatar, Erdenebileg and Li, Meijing and Ryu, Keun Ho},
  journal={IEEE Access}, 
  title={Semantic-Emotion Neural Network for Emotion Recognition From Text}, 
  year={2019},
  volume={7},
  number={},
  pages={111866-111878},
  keywords={Emotion recognition;Semantics;Neural networks;Task analysis;Deep learning;Dictionaries;Emotion recognition;natural language processing;deep learning},
  doi={10.1109/ACCESS.2019.2934529}
}

@inproceedings{glove,
  author = {Jeffrey Pennington and Richard Socher and Christopher D. Manning},
  booktitle = {Empirical Methods in Natural Language Processing (EMNLP)},
  title = {GloVe: Global Vectors for Word Representation},
  year = {2014},
  pages = {1532--1543},
  url = {http://www.aclweb.org/anthology/D14-1162},
}
